@incollection{archimedes,
  author={Archimedes},
  title={On the Sphere and Cylinder},
  booktitle={The works of Archimedes},
  editor={Heath, Thomas Little and others},
  year={2002},
  publisher={Courier Corporation}
}

@incollection{euclid,
  author={Euclid},
  title={Book V: Theory of Proportion},
  booktitle={First Six Books of the Elements of Euclid},
  editor={Casey, John},
  year={2007},
  publisher={Project Gutenburg}
}

@incollection{protagoras,
  title={Protagoras},
  booktitle={Plato: complete works},
  author={Plato},
  editor={Cooper, John M and Hutchinson, Douglas S and others},
  year={1997},
  publisher={Hackett Publishing}
}